%YAML 1.1
%TAG !u! tag:unity3d.com,2011:
--- !u!1001 &7305636482320480056
PrefabInstance:
  m_ObjectHideFlags: 0
  serializedVersion: 2
  m_Modification:
    m_TransformParent: {fileID: 0}
    m_Modifications:
    - target: {fileID: 5907277918080626489, guid: 3bdfbf918fc1141daa32d4226f22ff7a,
        type: 3}
      propertyPath: m_Name
      value: VideoPlayer Variant
      objectReference: {fileID: 0}
    - target: {fileID: 5907277918080626490, guid: 3bdfbf918fc1141daa32d4226f22ff7a,
        type: 3}
      propertyPath: m_LocalPosition.x
      value: 0
      objectReference: {fileID: 0}
    - target: {fileID: 5907277918080626490, guid: 3bdfbf918fc1141daa32d4226f22ff7a,
        type: 3}
      propertyPath: m_LocalPosition.y
      value: 0
      objectReference: {fileID: 0}
    - target: {fileID: 5907277918080626490, guid: 3bdfbf918fc1141daa32d4226f22ff7a,
        type: 3}
      propertyPath: m_LocalPosition.z
      value: 1
      objectReference: {fileID: 0}
    - target: {fileID: 5907277918080626490, guid: 3bdfbf918fc1141daa32d4226f22ff7a,
        type: 3}
      propertyPath: m_LocalRotation.x
      value: 0
      objectReference: {fileID: 0}
    - target: {fileID: 5907277918080626490, guid: 3bdfbf918fc1141daa32d4226f22ff7a,
        type: 3}
      propertyPath: m_LocalRotation.y
      value: 0
      objectReference: {fileID: 0}
    - target: {fileID: 5907277918080626490, guid: 3bdfbf918fc1141daa32d4226f22ff7a,
        type: 3}
      propertyPath: m_LocalRotation.z
      value: 0
      objectReference: {fileID: 0}
    - target: {fileID: 5907277918080626490, guid: 3bdfbf918fc1141daa32d4226f22ff7a,
        type: 3}
      propertyPath: m_LocalRotation.w
      value: 1
      objectReference: {fileID: 0}
    - target: {fileID: 5907277918080626490, guid: 3bdfbf918fc1141daa32d4226f22ff7a,
        type: 3}
      propertyPath: m_RootOrder
      value: 0
      objectReference: {fileID: 0}
    - target: {fileID: 5907277918080626490, guid: 3bdfbf918fc1141daa32d4226f22ff7a,
        type: 3}
      propertyPath: m_LocalEulerAnglesHint.x
      value: 0
      objectReference: {fileID: 0}
    - target: {fileID: 5907277918080626490, guid: 3bdfbf918fc1141daa32d4226f22ff7a,
        type: 3}
      propertyPath: m_LocalEulerAnglesHint.y
      value: 0
      objectReference: {fileID: 0}
    - target: {fileID: 5907277918080626490, guid: 3bdfbf918fc1141daa32d4226f22ff7a,
        type: 3}
      propertyPath: m_LocalEulerAnglesHint.z
      value: 0
      objectReference: {fileID: 0}
    - target: {fileID: 5907277918080626490, guid: 3bdfbf918fc1141daa32d4226f22ff7a,
        type: 3}
      propertyPath: m_AnchoredPosition.x
      value: 49.5
      objectReference: {fileID: 0}
    - target: {fileID: 5907277918080626490, guid: 3bdfbf918fc1141daa32d4226f22ff7a,
        type: 3}
      propertyPath: m_AnchoredPosition.y
      value: -49.299988
      objectReference: {fileID: 0}
    - target: {fileID: 5907277918080626490, guid: 3bdfbf918fc1141daa32d4226f22ff7a,
        type: 3}
      propertyPath: m_SizeDelta.x
      value: -493.3
      objectReference: {fileID: 0}
    - target: {fileID: 5907277918080626490, guid: 3bdfbf918fc1141daa32d4226f22ff7a,
        type: 3}
      propertyPath: m_SizeDelta.y
      value: -288.2
      objectReference: {fileID: 0}
    - target: {fileID: 5907277918080626490, guid: 3bdfbf918fc1141daa32d4226f22ff7a,
        type: 3}
      propertyPath: m_AnchorMin.x
      value: 0
      objectReference: {fileID: 0}
    - target: {fileID: 5907277918080626490, guid: 3bdfbf918fc1141daa32d4226f22ff7a,
        type: 3}
      propertyPath: m_AnchorMin.y
      value: 0
      objectReference: {fileID: 0}
    - target: {fileID: 5907277918080626490, guid: 3bdfbf918fc1141daa32d4226f22ff7a,
        type: 3}
      propertyPath: m_AnchorMax.x
      value: 1
      objectReference: {fileID: 0}
    - target: {fileID: 5907277918080626490, guid: 3bdfbf918fc1141daa32d4226f22ff7a,
        type: 3}
      propertyPath: m_AnchorMax.y
      value: 1
      objectReference: {fileID: 0}
    - target: {fileID: 5907277918080626490, guid: 3bdfbf918fc1141daa32d4226f22ff7a,
        type: 3}
      propertyPath: m_Pivot.x
      value: 0.5
      objectReference: {fileID: 0}
    - target: {fileID: 5907277918080626490, guid: 3bdfbf918fc1141daa32d4226f22ff7a,
        type: 3}
      propertyPath: m_Pivot.y
      value: 0.5
      objectReference: {fileID: 0}
    - target: {fileID: 5907277918080626491, guid: 3bdfbf918fc1141daa32d4226f22ff7a,
        type: 3}
      propertyPath: screen
      value: 
      objectReference: {fileID: 3789788276354669210}
    - target: {fileID: 5907277918080626491, guid: 3bdfbf918fc1141daa32d4226f22ff7a,
        type: 3}
      propertyPath: videoPlayer
      value: 
      objectReference: {fileID: 8421046010771500349}
    - target: {fileID: 5907277918080626493, guid: 3bdfbf918fc1141daa32d4226f22ff7a,
        type: 3}
      propertyPath: Screen
      value: 
      objectReference: {fileID: 3789788276354669209}
    - target: {fileID: 5907277918080626493, guid: 3bdfbf918fc1141daa32d4226f22ff7a,
        type: 3}
      propertyPath: ControlsPanel
      value: 
      objectReference: {fileID: 3789788277388086024}
    - target: {fileID: 5907277918080626493, guid: 3bdfbf918fc1141daa32d4226f22ff7a,
        type: 3}
      propertyPath: Thumbnail
      value: 
      objectReference: {fileID: 3789788275699373344}
    - target: {fileID: 5907277918080626493, guid: 3bdfbf918fc1141daa32d4226f22ff7a,
        type: 3}
      propertyPath: Timeline
      value: 
      objectReference: {fileID: 3789788276317913811}
    - target: {fileID: 5907277918080626493, guid: 3bdfbf918fc1141daa32d4226f22ff7a,
        type: 3}
      propertyPath: Volume
      value: 
      objectReference: {fileID: 3789788277067048687}
    - target: {fileID: 5907277918080626493, guid: 3bdfbf918fc1141daa32d4226f22ff7a,
        type: 3}
      propertyPath: PlayPause
      value: 
      objectReference: {fileID: 3789788275943608660}
    - target: {fileID: 5907277918080626493, guid: 3bdfbf918fc1141daa32d4226f22ff7a,
        type: 3}
      propertyPath: MuteUnmute
      value: 
      objectReference: {fileID: 3789788276716359104}
    - target: {fileID: 5907277918080626493, guid: 3bdfbf918fc1141daa32d4226f22ff7a,
        type: 3}
      propertyPath: NormalFullscreen
      value: 
      objectReference: {fileID: 3789788276168480434}
    - target: {fileID: 5907277918080626493, guid: 3bdfbf918fc1141daa32d4226f22ff7a,
        type: 3}
      propertyPath: Current
      value: 
      objectReference: {fileID: 3789788277246858737}
    - target: {fileID: 5907277918080626493, guid: 3bdfbf918fc1141daa32d4226f22ff7a,
        type: 3}
      propertyPath: Duration
      value: 
      objectReference: {fileID: 3789788276866834464}
    - target: {fileID: 5907277918080626494, guid: 3bdfbf918fc1141daa32d4226f22ff7a,
        type: 3}
      propertyPath: Group
      value: 
      objectReference: {fileID: 3789788277388086028}
    - target: {fileID: 5907277917546081696, guid: 3bdfbf918fc1141daa32d4226f22ff7a,
        type: 3}
      propertyPath: m_IsActive
      value: 1
      objectReference: {fileID: 0}
    - target: {fileID: 5907277917546081698, guid: 3bdfbf918fc1141daa32d4226f22ff7a,
        type: 3}
      propertyPath: m_Color.r
      value: 0.54901963
      objectReference: {fileID: 0}
    - target: {fileID: 5907277917546081698, guid: 3bdfbf918fc1141daa32d4226f22ff7a,
        type: 3}
      propertyPath: m_Color.g
      value: 0.54901963
      objectReference: {fileID: 0}
    - target: {fileID: 5907277917546081698, guid: 3bdfbf918fc1141daa32d4226f22ff7a,
        type: 3}
      propertyPath: m_Color.b
      value: 0.54901963
      objectReference: {fileID: 0}
    - target: {fileID: 5907277917750441451, guid: 3bdfbf918fc1141daa32d4226f22ff7a,
        type: 3}
      propertyPath: m_TargetGraphic
      value: 
      objectReference: {fileID: 3789788276317913812}
    - target: {fileID: 5907277917750441451, guid: 3bdfbf918fc1141daa32d4226f22ff7a,
        type: 3}
      propertyPath: positionRect
      value: 
      objectReference: {fileID: 3789788275873782396}
    - target: {fileID: 5907277917750441451, guid: 3bdfbf918fc1141daa32d4226f22ff7a,
        type: 3}
      propertyPath: previewRect
      value: 
      objectReference: {fileID: 3789788276398215170}
    - target: {fileID: 5907277917750441451, guid: 3bdfbf918fc1141daa32d4226f22ff7a,
        type: 3}
      propertyPath: handleRect
      value: 
      objectReference: {fileID: 3789788276766094526}
    - target: {fileID: 5907277917750441451, guid: 3bdfbf918fc1141daa32d4226f22ff7a,
        type: 3}
      propertyPath: tooltipRect
      value: 
      objectReference: {fileID: 3789788276740488796}
    - target: {fileID: 5907277917750441451, guid: 3bdfbf918fc1141daa32d4226f22ff7a,
        type: 3}
      propertyPath: onSeeked.m_PersistentCalls.m_Calls.Array.data[0].m_Target
      value: 
      objectReference: {fileID: 3789788275823925251}
    - target: {fileID: 5907277917640943418, guid: 3bdfbf918fc1141daa32d4226f22ff7a,
        type: 3}
      propertyPath: m_AnchorMax.x
      value: 0.398
      objectReference: {fileID: 0}
    - target: {fileID: 5907277917640943418, guid: 3bdfbf918fc1141daa32d4226f22ff7a,
        type: 3}
      propertyPath: m_AnchorMax.y
      value: 1
      objectReference: {fileID: 0}
    - target: {fileID: 5907277918198639940, guid: 3bdfbf918fc1141daa32d4226f22ff7a,
        type: 3}
      propertyPath: m_AnchorMax.x
      value: 0.398
      objectReference: {fileID: 0}
    - target: {fileID: 5907277918198639940, guid: 3bdfbf918fc1141daa32d4226f22ff7a,
        type: 3}
      propertyPath: m_AnchorMax.y
      value: 1
      objectReference: {fileID: 0}
    - target: {fileID: 5907277917134357382, guid: 3bdfbf918fc1141daa32d4226f22ff7a,
        type: 3}
      propertyPath: m_AnchorMin.x
      value: 0.398
      objectReference: {fileID: 0}
    - target: {fileID: 5907277917134357382, guid: 3bdfbf918fc1141daa32d4226f22ff7a,
        type: 3}
      propertyPath: m_AnchorMax.x
      value: 0.398
      objectReference: {fileID: 0}
    - target: {fileID: 5907277917134357382, guid: 3bdfbf918fc1141daa32d4226f22ff7a,
        type: 3}
      propertyPath: m_AnchorMax.y
      value: 1
      objectReference: {fileID: 0}
    - target: {fileID: 5907277917134357433, guid: 3bdfbf918fc1141daa32d4226f22ff7a,
        type: 3}
      propertyPath: Target
      value: 
      objectReference: {fileID: 3789788276766094526}
    - target: {fileID: 5907277917595021510, guid: 3bdfbf918fc1141daa32d4226f22ff7a,
        type: 3}
      propertyPath: Target
      value: 
      objectReference: {fileID: 3789788277067048688}
    - target: {fileID: 5907277917595021510, guid: 3bdfbf918fc1141daa32d4226f22ff7a,
        type: 3}
      propertyPath: Transform
      value: 
      objectReference: {fileID: 3789788276716359165}
    - target: {fileID: 5907277917595021510, guid: 3bdfbf918fc1141daa32d4226f22ff7a,
        type: 3}
      propertyPath: Selectable
      value: 
      objectReference: {fileID: 3789788277067048687}
    - target: {fileID: 5907277917595021562, guid: 3bdfbf918fc1141daa32d4226f22ff7a,
        type: 3}
      propertyPath: m_TargetGraphic
      value: 
      objectReference: {fileID: 3789788276338591680}
    - target: {fileID: 5907277916967653847, guid: 3bdfbf918fc1141daa32d4226f22ff7a,
        type: 3}
      propertyPath: m_TargetGraphic
      value: 
      objectReference: {fileID: 3789788276375742354}
    - target: {fileID: 5907277916967653847, guid: 3bdfbf918fc1141daa32d4226f22ff7a,
        type: 3}
      propertyPath: m_FillRect
      value: 
      objectReference: {fileID: 3789788276983108666}
    - target: {fileID: 5907277916967653847, guid: 3bdfbf918fc1141daa32d4226f22ff7a,
        type: 3}
      propertyPath: m_HandleRect
      value: 
      objectReference: {fileID: 3789788276375742353}
    - target: {fileID: 5907277917084984066, guid: 3bdfbf918fc1141daa32d4226f22ff7a,
        type: 3}
      propertyPath: m_AnchorMax.y
      value: 1
      objectReference: {fileID: 0}
    - target: {fileID: 5907277917557641385, guid: 3bdfbf918fc1141daa32d4226f22ff7a,
        type: 3}
      propertyPath: m_AnchorMax.y
      value: 1
      objectReference: {fileID: 0}
    - target: {fileID: 5907277917323348266, guid: 3bdfbf918fc1141daa32d4226f22ff7a,
        type: 3}
      propertyPath: m_TargetGraphic
      value: 
      objectReference: {fileID: 3789788276610170384}
    - target: {fileID: 5907277917323348266, guid: 3bdfbf918fc1141daa32d4226f22ff7a,
        type: 3}
      propertyPath: m_OnClick.m_PersistentCalls.m_Calls.Array.data[0].m_Target
      value: 
      objectReference: {fileID: 3789788276610170387}
    - target: {fileID: 5907277917323348267, guid: 3bdfbf918fc1141daa32d4226f22ff7a,
        type: 3}
      propertyPath: target
      value: 
      objectReference: {fileID: 3789788276637117634}
    - target: {fileID: 5907277917870547341, guid: 3bdfbf918fc1141daa32d4226f22ff7a,
        type: 3}
      propertyPath: m_TargetGraphic
      value: 
      objectReference: {fileID: 3789788276168480434}
    - target: {fileID: 5907277918225497011, guid: 3bdfbf918fc1141daa32d4226f22ff7a,
        type: 3}
      propertyPath: m_TargetGraphic
      value: 
      objectReference: {fileID: 3789788275708677260}
    - target: {fileID: 5907277916839719726, guid: 3bdfbf918fc1141daa32d4226f22ff7a,
        type: 3}
      propertyPath: m_TargetGraphic
      value: 
      objectReference: {fileID: 3789788276853838406}
    - target: {fileID: 5907277916839719726, guid: 3bdfbf918fc1141daa32d4226f22ff7a,
        type: 3}
      propertyPath: graphic
      value: 
      objectReference: {fileID: 3789788276764890752}
    - target: {fileID: 5907277916839719726, guid: 3bdfbf918fc1141daa32d4226f22ff7a,
        type: 3}
      propertyPath: m_Group
      value: 
      objectReference: {fileID: 3789788276637117640}
    - target: {fileID: 5907277916839719726, guid: 3bdfbf918fc1141daa32d4226f22ff7a,
        type: 3}
      propertyPath: onValueChanged.m_PersistentCalls.m_Calls.Array.data[0].m_Target
      value: 
      objectReference: {fileID: 3789788275823925251}
    - target: {fileID: 5907277916363031305, guid: 3bdfbf918fc1141daa32d4226f22ff7a,
        type: 3}
      propertyPath: m_TargetGraphic
      value: 
      objectReference: {fileID: 3789788276402946582}
    - target: {fileID: 5907277916363031305, guid: 3bdfbf918fc1141daa32d4226f22ff7a,
        type: 3}
      propertyPath: graphic
      value: 
      objectReference: {fileID: 3789788276566242265}
    - target: {fileID: 5907277916363031305, guid: 3bdfbf918fc1141daa32d4226f22ff7a,
        type: 3}
      propertyPath: m_Group
      value: 
      objectReference: {fileID: 3789788276637117640}
    - target: {fileID: 5907277916363031305, guid: 3bdfbf918fc1141daa32d4226f22ff7a,
        type: 3}
      propertyPath: onValueChanged.m_PersistentCalls.m_Calls.Array.data[0].m_Target
      value: 
      objectReference: {fileID: 3789788275823925251}
    - target: {fileID: 5907277916620361550, guid: 3bdfbf918fc1141daa32d4226f22ff7a,
        type: 3}
      propertyPath: m_TargetGraphic
      value: 
      objectReference: {fileID: 3789788275760831142}
    - target: {fileID: 5907277916620361550, guid: 3bdfbf918fc1141daa32d4226f22ff7a,
        type: 3}
      propertyPath: graphic
      value: 
      objectReference: {fileID: 3789788276937737174}
    - target: {fileID: 5907277916620361550, guid: 3bdfbf918fc1141daa32d4226f22ff7a,
        type: 3}
      propertyPath: m_Group
      value: 
      objectReference: {fileID: 3789788276637117640}
    - target: {fileID: 5907277916620361550, guid: 3bdfbf918fc1141daa32d4226f22ff7a,
        type: 3}
      propertyPath: onValueChanged.m_PersistentCalls.m_Calls.Array.data[0].m_Target
      value: 
      objectReference: {fileID: 3789788275823925251}
    - target: {fileID: 5907277916472663742, guid: 3bdfbf918fc1141daa32d4226f22ff7a,
        type: 3}
      propertyPath: m_TargetGraphic
      value: 
      objectReference: {fileID: 3789788276337452926}
    - target: {fileID: 5907277916472663742, guid: 3bdfbf918fc1141daa32d4226f22ff7a,
        type: 3}
      propertyPath: graphic
      value: 
      objectReference: {fileID: 3789788275903578835}
    - target: {fileID: 5907277916472663742, guid: 3bdfbf918fc1141daa32d4226f22ff7a,
        type: 3}
      propertyPath: m_Group
      value: 
      objectReference: {fileID: 3789788276637117640}
    - target: {fileID: 5907277916472663742, guid: 3bdfbf918fc1141daa32d4226f22ff7a,
        type: 3}
      propertyPath: onValueChanged.m_PersistentCalls.m_Calls.Array.data[0].m_Target
      value: 
      objectReference: {fileID: 3789788275823925251}
    - target: {fileID: 5907277917481857737, guid: 3bdfbf918fc1141daa32d4226f22ff7a,
        type: 3}
      propertyPath: m_TargetGraphic
      value: 
      objectReference: {fileID: 3789788276608526934}
    - target: {fileID: 5907277917481857737, guid: 3bdfbf918fc1141daa32d4226f22ff7a,
        type: 3}
      propertyPath: graphic
      value: 
      objectReference: {fileID: 3789788275566720215}
    - target: {fileID: 5907277917481857737, guid: 3bdfbf918fc1141daa32d4226f22ff7a,
        type: 3}
      propertyPath: m_Group
      value: 
      objectReference: {fileID: 3789788276637117640}
    - target: {fileID: 5907277917481857737, guid: 3bdfbf918fc1141daa32d4226f22ff7a,
        type: 3}
      propertyPath: onValueChanged.m_PersistentCalls.m_Calls.Array.data[0].m_Target
      value: 
      objectReference: {fileID: 3789788275823925251}
    - target: {fileID: 5907277917903574623, guid: 3bdfbf918fc1141daa32d4226f22ff7a,
        type: 3}
      propertyPath: m_TargetGraphic
      value: 
      objectReference: {fileID: 3789788276986482643}
    - target: {fileID: 5907277917903574623, guid: 3bdfbf918fc1141daa32d4226f22ff7a,
        type: 3}
      propertyPath: graphic
      value: 
      objectReference: {fileID: 3789788276695878434}
    - target: {fileID: 5907277917903574623, guid: 3bdfbf918fc1141daa32d4226f22ff7a,
        type: 3}
      propertyPath: m_Group
      value: 
      objectReference: {fileID: 3789788276637117640}
    - target: {fileID: 5907277917903574623, guid: 3bdfbf918fc1141daa32d4226f22ff7a,
        type: 3}
      propertyPath: onValueChanged.m_PersistentCalls.m_Calls.Array.data[0].m_Target
      value: 
      objectReference: {fileID: 3789788275823925251}
    - target: {fileID: 5907277918234010137, guid: 3bdfbf918fc1141daa32d4226f22ff7a,
        type: 3}
      propertyPath: m_TargetGraphic
      value: 
      objectReference: {fileID: 3789788275699373346}
    - target: {fileID: 5907277918234010137, guid: 3bdfbf918fc1141daa32d4226f22ff7a,
        type: 3}
      propertyPath: m_OnClick.m_PersistentCalls.m_Calls.Array.data[0].m_Target
      value: 
      objectReference: {fileID: 3789788275823925251}
    m_RemovedComponents: []
  m_SourcePrefab: {fileID: 100100000, guid: 3bdfbf918fc1141daa32d4226f22ff7a, type: 3}
--- !u!328 &8421046010771500349 stripped
VideoPlayer:
  m_CorrespondingSourceObject: {fileID: 1278816782531549701, guid: 3bdfbf918fc1141daa32d4226f22ff7a,
    type: 3}
  m_PrefabInstance: {fileID: 7305636482320480056}
  m_PrefabAsset: {fileID: 0}
--- !u!224 &3789788276354669209 stripped
RectTransform:
  m_CorrespondingSourceObject: {fileID: 5907277917546081697, guid: 3bdfbf918fc1141daa32d4226f22ff7a,
    type: 3}
  m_PrefabInstance: {fileID: 7305636482320480056}
  m_PrefabAsset: {fileID: 0}
--- !u!114 &3789788276354669210 stripped
MonoBehaviour:
  m_CorrespondingSourceObject: {fileID: 5907277917546081698, guid: 3bdfbf918fc1141daa32d4226f22ff7a,
    type: 3}
  m_PrefabInstance: {fileID: 7305636482320480056}
  m_PrefabAsset: {fileID: 0}
  m_GameObject: {fileID: 0}
  m_Enabled: 1
  m_EditorHideFlags: 0
  m_Script: {fileID: -98529514, guid: f70555f144d8491a825f0804e09c671c, type: 3}
  m_Name: 
  m_EditorClassIdentifier: 
--- !u!224 &3789788277388086024 stripped
RectTransform:
  m_CorrespondingSourceObject: {fileID: 5907277916683680816, guid: 3bdfbf918fc1141daa32d4226f22ff7a,
    type: 3}
  m_PrefabInstance: {fileID: 7305636482320480056}
  m_PrefabAsset: {fileID: 0}
--- !u!225 &3789788277388086028 stripped
CanvasGroup:
  m_CorrespondingSourceObject: {fileID: 5907277916683680820, guid: 3bdfbf918fc1141daa32d4226f22ff7a,
    type: 3}
  m_PrefabInstance: {fileID: 7305636482320480056}
  m_PrefabAsset: {fileID: 0}
--- !u!114 &3789788276317913811 stripped
MonoBehaviour:
  m_CorrespondingSourceObject: {fileID: 5907277917750441451, guid: 3bdfbf918fc1141daa32d4226f22ff7a,
    type: 3}
  m_PrefabInstance: {fileID: 7305636482320480056}
  m_PrefabAsset: {fileID: 0}
  m_GameObject: {fileID: 0}
  m_Enabled: 1
  m_EditorHideFlags: 0
  m_Script: {fileID: 11500000, guid: 84399e23c8aaaee4884094eca753b08b, type: 3}
  m_Name: 
  m_EditorClassIdentifier: 
--- !u!114 &3789788276317913812 stripped
MonoBehaviour:
  m_CorrespondingSourceObject: {fileID: 5907277917750441452, guid: 3bdfbf918fc1141daa32d4226f22ff7a,
    type: 3}
  m_PrefabInstance: {fileID: 7305636482320480056}
  m_PrefabAsset: {fileID: 0}
  m_GameObject: {fileID: 0}
  m_Enabled: 1
  m_EditorHideFlags: 0
  m_Script: {fileID: -765806418, guid: f70555f144d8491a825f0804e09c671c, type: 3}
  m_Name: 
  m_EditorClassIdentifier: 
--- !u!224 &3789788276398215170 stripped
RectTransform:
  m_CorrespondingSourceObject: {fileID: 5907277917640943418, guid: 3bdfbf918fc1141daa32d4226f22ff7a,
    type: 3}
  m_PrefabInstance: {fileID: 7305636482320480056}
  m_PrefabAsset: {fileID: 0}
--- !u!224 &3789788275873782396 stripped
RectTransform:
  m_CorrespondingSourceObject: {fileID: 5907277918198639940, guid: 3bdfbf918fc1141daa32d4226f22ff7a,
    type: 3}
  m_PrefabInstance: {fileID: 7305636482320480056}
  m_PrefabAsset: {fileID: 0}
--- !u!224 &3789788276766094526 stripped
RectTransform:
  m_CorrespondingSourceObject: {fileID: 5907277917134357382, guid: 3bdfbf918fc1141daa32d4226f22ff7a,
    type: 3}
  m_PrefabInstance: {fileID: 7305636482320480056}
  m_PrefabAsset: {fileID: 0}
--- !u!224 &3789788276740488796 stripped
RectTransform:
  m_CorrespondingSourceObject: {fileID: 5907277917193685348, guid: 3bdfbf918fc1141daa32d4226f22ff7a,
    type: 3}
  m_PrefabInstance: {fileID: 7305636482320480056}
  m_PrefabAsset: {fileID: 0}
--- !u!114 &3789788276338591680 stripped
MonoBehaviour:
  m_CorrespondingSourceObject: {fileID: 5907277917595021560, guid: 3bdfbf918fc1141daa32d4226f22ff7a,
    type: 3}
  m_PrefabInstance: {fileID: 7305636482320480056}
  m_PrefabAsset: {fileID: 0}
  m_GameObject: {fileID: 0}
  m_Enabled: 1
  m_EditorHideFlags: 0
  m_Script: {fileID: -765806418, guid: f70555f144d8491a825f0804e09c671c, type: 3}
  m_Name: 
  m_EditorClassIdentifier: 
--- !u!114 &3789788275943608660 stripped
MonoBehaviour:
  m_CorrespondingSourceObject: {fileID: 5907277917990659692, guid: 3bdfbf918fc1141daa32d4226f22ff7a,
    type: 3}
  m_PrefabInstance: {fileID: 7305636482320480056}
  m_PrefabAsset: {fileID: 0}
  m_GameObject: {fileID: 0}
  m_Enabled: 1
  m_EditorHideFlags: 0
  m_Script: {fileID: -765806418, guid: f5f67c52d1564df4a8936ccd202a3bd8, type: 3}
  m_Name: 
  m_EditorClassIdentifier: 
--- !u!224 &3789788276716359165 stripped
RectTransform:
  m_CorrespondingSourceObject: {fileID: 5907277917352032965, guid: 3bdfbf918fc1141daa32d4226f22ff7a,
    type: 3}
  m_PrefabInstance: {fileID: 7305636482320480056}
  m_PrefabAsset: {fileID: 0}
--- !u!114 &3789788276716359104 stripped
MonoBehaviour:
  m_CorrespondingSourceObject: {fileID: 5907277917352033016, guid: 3bdfbf918fc1141daa32d4226f22ff7a,
    type: 3}
  m_PrefabInstance: {fileID: 7305636482320480056}
  m_PrefabAsset: {fileID: 0}
  m_GameObject: {fileID: 0}
  m_Enabled: 1
  m_EditorHideFlags: 0
  m_Script: {fileID: -765806418, guid: f5f67c52d1564df4a8936ccd202a3bd8, type: 3}
  m_Name: 
  m_EditorClassIdentifier: 
--- !u!114 &3789788277067048687 stripped
MonoBehaviour:
  m_CorrespondingSourceObject: {fileID: 5907277916967653847, guid: 3bdfbf918fc1141daa32d4226f22ff7a,
    type: 3}
  m_PrefabInstance: {fileID: 7305636482320480056}
  m_PrefabAsset: {fileID: 0}
  m_GameObject: {fileID: 0}
  m_Enabled: 1
  m_EditorHideFlags: 0
  m_Script: {fileID: -113659843, guid: f5f67c52d1564df4a8936ccd202a3bd8, type: 3}
  m_Name: 
  m_EditorClassIdentifier: 
--- !u!114 &3789788277067048688 stripped
MonoBehaviour:
  m_CorrespondingSourceObject: {fileID: 5907277916967653832, guid: 3bdfbf918fc1141daa32d4226f22ff7a,
    type: 3}
  m_PrefabInstance: {fileID: 7305636482320480056}
  m_PrefabAsset: {fileID: 0}
  m_GameObject: {fileID: 0}
  m_Enabled: 1
  m_EditorHideFlags: 0
  m_Script: {fileID: 1679637790, guid: f5f67c52d1564df4a8936ccd202a3bd8, type: 3}
  m_Name: 
  m_EditorClassIdentifier: 
--- !u!224 &3789788276983108666 stripped
RectTransform:
  m_CorrespondingSourceObject: {fileID: 5907277917084984066, guid: 3bdfbf918fc1141daa32d4226f22ff7a,
    type: 3}
  m_PrefabInstance: {fileID: 7305636482320480056}
  m_PrefabAsset: {fileID: 0}
--- !u!224 &3789788276375742353 stripped
RectTransform:
  m_CorrespondingSourceObject: {fileID: 5907277917557641385, guid: 3bdfbf918fc1141daa32d4226f22ff7a,
    type: 3}
  m_PrefabInstance: {fileID: 7305636482320480056}
  m_PrefabAsset: {fileID: 0}
--- !u!114 &3789788276375742354 stripped
MonoBehaviour:
  m_CorrespondingSourceObject: {fileID: 5907277917557641386, guid: 3bdfbf918fc1141daa32d4226f22ff7a,
    type: 3}
  m_PrefabInstance: {fileID: 7305636482320480056}
  m_PrefabAsset: {fileID: 0}
  m_GameObject: {fileID: 0}
  m_Enabled: 1
  m_EditorHideFlags: 0
  m_Script: {fileID: -765806418, guid: f5f67c52d1564df4a8936ccd202a3bd8, type: 3}
  m_Name: 
  m_EditorClassIdentifier: 
--- !u!114 &3789788277246858737 stripped
MonoBehaviour:
  m_CorrespondingSourceObject: {fileID: 5907277916825559753, guid: 3bdfbf918fc1141daa32d4226f22ff7a,
    type: 3}
  m_PrefabInstance: {fileID: 7305636482320480056}
  m_PrefabAsset: {fileID: 0}
  m_GameObject: {fileID: 0}
  m_Enabled: 1
  m_EditorHideFlags: 0
  m_Script: {fileID: 708705254, guid: f5f67c52d1564df4a8936ccd202a3bd8, type: 3}
  m_Name: 
  m_EditorClassIdentifier: 
--- !u!114 &3789788275823925251 stripped
MonoBehaviour:
  m_CorrespondingSourceObject: {fileID: 5907277918080626491, guid: 3bdfbf918fc1141daa32d4226f22ff7a,
    type: 3}
  m_PrefabInstance: {fileID: 7305636482320480056}
  m_PrefabAsset: {fileID: 0}
  m_GameObject: {fileID: 0}
  m_Enabled: 1
  m_EditorHideFlags: 0
  m_Script: {fileID: 11500000, guid: 0572726cd3aaaab4f87116458b99d872, type: 3}
  m_Name: 
  m_EditorClassIdentifier: 
--- !u!114 &3789788276610170384 stripped
MonoBehaviour:
  m_CorrespondingSourceObject: {fileID: 5907277917323348264, guid: 3bdfbf918fc1141daa32d4226f22ff7a,
    type: 3}
  m_PrefabInstance: {fileID: 7305636482320480056}
  m_PrefabAsset: {fileID: 0}
  m_GameObject: {fileID: 0}
  m_Enabled: 1
  m_EditorHideFlags: 0
  m_Script: {fileID: -765806418, guid: f70555f144d8491a825f0804e09c671c, type: 3}
  m_Name: 
  m_EditorClassIdentifier: 
--- !u!114 &3789788276610170387 stripped
MonoBehaviour:
  m_CorrespondingSourceObject: {fileID: 5907277917323348267, guid: 3bdfbf918fc1141daa32d4226f22ff7a,
    type: 3}
  m_PrefabInstance: {fileID: 7305636482320480056}
  m_PrefabAsset: {fileID: 0}
  m_GameObject: {fileID: 0}
  m_Enabled: 1
  m_EditorHideFlags: 0
  m_Script: {fileID: 11500000, guid: 54bf6bf26aba8e54a879cfe2862722e4, type: 3}
  m_Name: 
  m_EditorClassIdentifier: 
--- !u!114 &3789788276168480434 stripped
MonoBehaviour:
  m_CorrespondingSourceObject: {fileID: 5907277917870547338, guid: 3bdfbf918fc1141daa32d4226f22ff7a,
    type: 3}
  m_PrefabInstance: {fileID: 7305636482320480056}
  m_PrefabAsset: {fileID: 0}
  m_GameObject: {fileID: 0}
  m_Enabled: 1
  m_EditorHideFlags: 0
  m_Script: {fileID: -765806418, guid: f5f67c52d1564df4a8936ccd202a3bd8, type: 3}
  m_Name: 
  m_EditorClassIdentifier: 
--- !u!1 &3789788276637117634 stripped
GameObject:
  m_CorrespondingSourceObject: {fileID: 5907277917267532794, guid: 3bdfbf918fc1141daa32d4226f22ff7a,
    type: 3}
  m_PrefabInstance: {fileID: 7305636482320480056}
  m_PrefabAsset: {fileID: 0}
--- !u!114 &3789788276637117640 stripped
MonoBehaviour:
  m_CorrespondingSourceObject: {fileID: 5907277917267532784, guid: 3bdfbf918fc1141daa32d4226f22ff7a,
    type: 3}
  m_PrefabInstance: {fileID: 7305636482320480056}
  m_PrefabAsset: {fileID: 0}
  m_GameObject: {fileID: 3789788276637117634}
  m_Enabled: 1
  m_EditorHideFlags: 0
  m_Script: {fileID: -1184210157, guid: f70555f144d8491a825f0804e09c671c, type: 3}
  m_Name: 
  m_EditorClassIdentifier: 
--- !u!114 &3789788275708677260 stripped
MonoBehaviour:
  m_CorrespondingSourceObject: {fileID: 5907277918225497012, guid: 3bdfbf918fc1141daa32d4226f22ff7a,
    type: 3}
  m_PrefabInstance: {fileID: 7305636482320480056}
  m_PrefabAsset: {fileID: 0}
  m_GameObject: {fileID: 0}
  m_Enabled: 1
  m_EditorHideFlags: 0
  m_Script: {fileID: -765806418, guid: f70555f144d8491a825f0804e09c671c, type: 3}
  m_Name: 
  m_EditorClassIdentifier: 
--- !u!114 &3789788276853838406 stripped
MonoBehaviour:
  m_CorrespondingSourceObject: {fileID: 5907277917213730174, guid: 3bdfbf918fc1141daa32d4226f22ff7a,
    type: 3}
  m_PrefabInstance: {fileID: 7305636482320480056}
  m_PrefabAsset: {fileID: 0}
  m_GameObject: {fileID: 0}
  m_Enabled: 1
  m_EditorHideFlags: 0
  m_Script: {fileID: -765806418, guid: f70555f144d8491a825f0804e09c671c, type: 3}
  m_Name: 
  m_EditorClassIdentifier: 
--- !u!114 &3789788276764890752 stripped
MonoBehaviour:
  m_CorrespondingSourceObject: {fileID: 5907277917135200696, guid: 3bdfbf918fc1141daa32d4226f22ff7a,
    type: 3}
  m_PrefabInstance: {fileID: 7305636482320480056}
  m_PrefabAsset: {fileID: 0}
  m_GameObject: {fileID: 0}
  m_Enabled: 1
  m_EditorHideFlags: 0
  m_Script: {fileID: -765806418, guid: f70555f144d8491a825f0804e09c671c, type: 3}
  m_Name: 
  m_EditorClassIdentifier: 
--- !u!114 &3789788276402946582 stripped
MonoBehaviour:
  m_CorrespondingSourceObject: {fileID: 5907277917635261742, guid: 3bdfbf918fc1141daa32d4226f22ff7a,
    type: 3}
  m_PrefabInstance: {fileID: 7305636482320480056}
  m_PrefabAsset: {fileID: 0}
  m_GameObject: {fileID: 0}
  m_Enabled: 1
  m_EditorHideFlags: 0
  m_Script: {fileID: -765806418, guid: f70555f144d8491a825f0804e09c671c, type: 3}
  m_Name: 
  m_EditorClassIdentifier: 
--- !u!114 &3789788276566242265 stripped
MonoBehaviour:
  m_CorrespondingSourceObject: {fileID: 5907277917472359649, guid: 3bdfbf918fc1141daa32d4226f22ff7a,
    type: 3}
  m_PrefabInstance: {fileID: 7305636482320480056}
  m_PrefabAsset: {fileID: 0}
  m_GameObject: {fileID: 0}
  m_Enabled: 1
  m_EditorHideFlags: 0
  m_Script: {fileID: -765806418, guid: f70555f144d8491a825f0804e09c671c, type: 3}
  m_Name: 
  m_EditorClassIdentifier: 
--- !u!114 &3789788275760831142 stripped
MonoBehaviour:
  m_CorrespondingSourceObject: {fileID: 5907277918277643678, guid: 3bdfbf918fc1141daa32d4226f22ff7a,
    type: 3}
  m_PrefabInstance: {fileID: 7305636482320480056}
  m_PrefabAsset: {fileID: 0}
  m_GameObject: {fileID: 0}
  m_Enabled: 1
  m_EditorHideFlags: 0
  m_Script: {fileID: -765806418, guid: f70555f144d8491a825f0804e09c671c, type: 3}
  m_Name: 
  m_EditorClassIdentifier: 
--- !u!114 &3789788276937737174 stripped
MonoBehaviour:
  m_CorrespondingSourceObject: {fileID: 5907277917096309998, guid: 3bdfbf918fc1141daa32d4226f22ff7a,
    type: 3}
  m_PrefabInstance: {fileID: 7305636482320480056}
  m_PrefabAsset: {fileID: 0}
  m_GameObject: {fileID: 0}
  m_Enabled: 1
  m_EditorHideFlags: 0
  m_Script: {fileID: -765806418, guid: f70555f144d8491a825f0804e09c671c, type: 3}
  m_Name: 
  m_EditorClassIdentifier: 
--- !u!114 &3789788276337452926 stripped
MonoBehaviour:
  m_CorrespondingSourceObject: {fileID: 5907277917595897926, guid: 3bdfbf918fc1141daa32d4226f22ff7a,
    type: 3}
  m_PrefabInstance: {fileID: 7305636482320480056}
  m_PrefabAsset: {fileID: 0}
  m_GameObject: {fileID: 0}
  m_Enabled: 1
  m_EditorHideFlags: 0
  m_Script: {fileID: -765806418, guid: f70555f144d8491a825f0804e09c671c, type: 3}
  m_Name: 
  m_EditorClassIdentifier: 
--- !u!114 &3789788275903578835 stripped
MonoBehaviour:
  m_CorrespondingSourceObject: {fileID: 5907277918168741355, guid: 3bdfbf918fc1141daa32d4226f22ff7a,
    type: 3}
  m_PrefabInstance: {fileID: 7305636482320480056}
  m_PrefabAsset: {fileID: 0}
  m_GameObject: {fileID: 0}
  m_Enabled: 1
  m_EditorHideFlags: 0
  m_Script: {fileID: -765806418, guid: f70555f144d8491a825f0804e09c671c, type: 3}
  m_Name: 
  m_EditorClassIdentifier: 
--- !u!114 &3789788276608526934 stripped
MonoBehaviour:
  m_CorrespondingSourceObject: {fileID: 5907277917329055086, guid: 3bdfbf918fc1141daa32d4226f22ff7a,
    type: 3}
  m_PrefabInstance: {fileID: 7305636482320480056}
  m_PrefabAsset: {fileID: 0}
  m_GameObject: {fileID: 0}
  m_Enabled: 1
  m_EditorHideFlags: 0
  m_Script: {fileID: -765806418, guid: f70555f144d8491a825f0804e09c671c, type: 3}
  m_Name: 
  m_EditorClassIdentifier: 
--- !u!114 &3789788275566720215 stripped
MonoBehaviour:
  m_CorrespondingSourceObject: {fileID: 5907277918366630895, guid: 3bdfbf918fc1141daa32d4226f22ff7a,
    type: 3}
  m_PrefabInstance: {fileID: 7305636482320480056}
  m_PrefabAsset: {fileID: 0}
  m_GameObject: {fileID: 0}
  m_Enabled: 1
  m_EditorHideFlags: 0
  m_Script: {fileID: -765806418, guid: f70555f144d8491a825f0804e09c671c, type: 3}
  m_Name: 
  m_EditorClassIdentifier: 
--- !u!114 &3789788276986482643 stripped
MonoBehaviour:
  m_CorrespondingSourceObject: {fileID: 5907277917085284587, guid: 3bdfbf918fc1141daa32d4226f22ff7a,
    type: 3}
  m_PrefabInstance: {fileID: 7305636482320480056}
  m_PrefabAsset: {fileID: 0}
  m_GameObject: {fileID: 0}
  m_Enabled: 1
  m_EditorHideFlags: 0
  m_Script: {fileID: -765806418, guid: f70555f144d8491a825f0804e09c671c, type: 3}
  m_Name: 
  m_EditorClassIdentifier: 
--- !u!114 &3789788276695878434 stripped
MonoBehaviour:
  m_CorrespondingSourceObject: {fileID: 5907277917343022106, guid: 3bdfbf918fc1141daa32d4226f22ff7a,
    type: 3}
  m_PrefabInstance: {fileID: 7305636482320480056}
  m_PrefabAsset: {fileID: 0}
  m_GameObject: {fileID: 0}
  m_Enabled: 1
  m_EditorHideFlags: 0
  m_Script: {fileID: -765806418, guid: f70555f144d8491a825f0804e09c671c, type: 3}
  m_Name: 
  m_EditorClassIdentifier: 
--- !u!224 &3789788275699373344 stripped
RectTransform:
  m_CorrespondingSourceObject: {fileID: 5907277918234010136, guid: 3bdfbf918fc1141daa32d4226f22ff7a,
    type: 3}
  m_PrefabInstance: {fileID: 7305636482320480056}
  m_PrefabAsset: {fileID: 0}
--- !u!114 &3789788275699373346 stripped
MonoBehaviour:
  m_CorrespondingSourceObject: {fileID: 5907277918234010138, guid: 3bdfbf918fc1141daa32d4226f22ff7a,
    type: 3}
  m_PrefabInstance: {fileID: 7305636482320480056}
  m_PrefabAsset: {fileID: 0}
  m_GameObject: {fileID: 0}
  m_Enabled: 1
  m_EditorHideFlags: 0
  m_Script: {fileID: -765806418, guid: f70555f144d8491a825f0804e09c671c, type: 3}
  m_Name: 
  m_EditorClassIdentifier: 
--- !u!114 &3789788276866834464 stripped
MonoBehaviour:
  m_CorrespondingSourceObject: {fileID: 5907277917033781016, guid: 3bdfbf918fc1141daa32d4226f22ff7a,
    type: 3}
  m_PrefabInstance: {fileID: 7305636482320480056}
  m_PrefabAsset: {fileID: 0}
  m_GameObject: {fileID: 0}
  m_Enabled: 1
  m_EditorHideFlags: 0
  m_Script: {fileID: 708705254, guid: f5f67c52d1564df4a8936ccd202a3bd8, type: 3}
  m_Name: 
  m_EditorClassIdentifier: 
